@misc{matter,
    title={{Build with Matter}},
    note={https://csa-iot.org/all-solutions/matter/, accessed 2022-07-31},
}